<record><leader>00000cas a22000007a 4500</leader><controlfield tag="001">22517869</controlfield><controlfield tag="008">901016d191619uuvtuuu ne      0   a0eng c</controlfield><controlfield tag="009">467</controlfield><datafield ind1=" " ind2=" " tag="010"><subfield code="a">sn 90000512 </subfield></datafield><datafield ind1=" " ind2=" " tag="040"><subfield code="a">NSD</subfield><subfield code="b">eng</subfield><subfield code="c">NSD</subfield><subfield code="d">NVH</subfield><subfield code="d">OCLCQ</subfield></datafield><datafield ind1="0" ind2=" " tag="022"><subfield code="a">1053-3206</subfield><subfield code="l">1053-3206</subfield><subfield code="2">1</subfield></datafield><datafield ind1=" " ind2=" " tag="042"><subfield code="a">nsdp</subfield><subfield code="a">pcc</subfield></datafield><datafield ind1="1" ind2="0" tag="082"><subfield code="a">071</subfield><subfield code="2">12</subfield></datafield><datafield ind1="0" ind2=" " tag="130"><subfield code="a">Border news (Canaan, Vt.)</subfield></datafield><datafield ind1="0" ind2=" " tag="210"><subfield code="a">Bord. news</subfield></datafield><datafield ind1=" " ind2="4" tag="222"><subfield code="a">The Border news</subfield></datafield><datafield ind1="0" ind2="4" tag="245"><subfield code="a">The Border news.</subfield></datafield><datafield ind1=" " ind2=" " tag="260"><subfield code="a">Canaan, Vt. :</subfield><subfield code="b">Border Press,</subfield></datafield><datafield ind1=" " ind2=" " tag="300"><subfield code="a">v.</subfield></datafield><datafield ind1="0" ind2=" " tag="362"><subfield code="a">Vol. 1, no. 1 (May 18, 1916)-</subfield></datafield><datafield ind1=" " ind2=" " tag="752"><subfield code="a">United States</subfield><subfield code="b">Vermont</subfield><subfield code="c">Essex</subfield><subfield code="d">Canaan.</subfield></datafield></record>